@software{triplee:2023,
    author = {Muser, Till and Belis, Vasilis},
    doi = {10.5281/zenodo.7643288},
    date = {2023-02},
    title = {triple\_e: Characterisation metrics package for parametrised quantum circuits},
    url = {https://github.com/vbelis/triple_e},
    version = {0.1.1},
}

@software{pennylanedocs:fidelity,
  	author = {Xanadu Quantum Technologies Inc.},
  	title = {qml.math.fidelity},
  	date = {2023},
  	urldate = {2023-04-24},
  	url = {https://docs.pennylane.ai/en/stable/code/api/pennylane.math.fidelity.html}
}

@software{pennylanedocs:CFIM,
  	author = {Xanadu Quantum Technologies Inc.},
  	title = {qml.qinfo.transforms.classical\_fisher},
  	url = {https://docs.pennylane.ai/en/latest/code/api/pennylane.qinfo.transforms.classical_fisher.html},
  	date = {2023},
  	urldate = {2023-04-24}
}
    Ich hatte am 24.4. großen Stress mit diesem Eintrag und nachdem ich in metrics.tex und hier
    alle citations auskommentiert und nacheinander wieder zugefügt habe funktioniert es so und
    ich werde den Teufel tun und jetzt irgendwas ändern

@software{pennylanedocs:QFIM,
  	author = {Xanadu Quantum Technologies Inc.},
  	title = {qml.qinfo.transforms.quantum\_fisher},
  	date = {2023},
  	url = {https://docs.pennylane.ai/en/latest/code/api/pennylane.qinfo.transforms.quantum_fisher.html},
  	urldate = {2023-04-24}
}

@software{pennylanedocs:SpecialUnitary,
  	author = {Xanadu Quantum Technologies Inc.},
  	title = {qml.SpecialUnitary},
  	date = {2023},
  	urldate = {2023-09-18},
  	url = {https://docs.pennylane.ai/en/stable/code/api/pennylane.SpecialUnitary.html}
}

@software{Quantikz:Tutorial,
    title={Tutorial on the Quantikz Package}, 
    author={Alastair Kay},
    year={2023},
    archivePrefix={arXiv},
    eprint={1809.03842v7},
    primaryClass={quant-ph}
}

@online{wikipedia:fidelity,
  	author = {Wikipedia, The Free Encyclopedia.},
  	title = {Wikipedia: Fidelity of Quantum States},
  	date = {2023},
  	url = {https://en.wikipedia.org/wiki/Fidelity_of_quantum_states},
  	urldate = {2023-04-24}
}

@online{wikipedia:trace-distance,
  	author = {Wikipedia, The Free Encyclopedia.},
  	title = {Wikipedia: Trace Distance},
  	date = {2023},
  	url = {https://en.wikipedia.org/wiki/Trace_distance},
  	urldate = {2023-04-24}
}

@online{wikipedia:jensen-shannon.divergence,
  	author = {Wikipedia, The Free Encyclopedia.},
  	title = {Wikipedia: Trace Distance},
  	date = {2023},
  	url = {https://en.wikipedia.org/wiki/Jensen-Shannon_divergence},
  	urldate = {2023-07-05}
}

@online{wikipedia:np_complete_problems,
  	author = {Wikipedia, The Free Encyclopedia.},
  	title = {Wikipedia: Karp's 21 NP-complete problems},
  	date = {2023},
  	url = {https://en.wikipedia.org/wiki/Karp%27s_21_NP-complete_problems},
  	urldate = {2024-01-31}
}

@online{wikipedia:quantum_merlin_arthur,
  	author = {Wikipedia, The Free Encyclopedia.},
  	title = {Wikipedia: QMA},
  	date = {2024},
  	url = {https://en.wikipedia.org/wiki/QMA},
  	urldate = {2024-01-31}
}

@online{3B1B:2020:MonsterGroup,
    author = {Grant Sanderson},
    title = {Group theory, abstraction, and the 196,883-dimensional monster},
    date = {2020},
    url = {https://www.youtube.com/watch?v=mH0oCDa74tE},
    urldate = {2024-06-05}
}

@article{Sim:2019:Expressibility,
    date = {2019-10},
	publisher = {Wiley},
	volume = {2},
	number = {12},
	author = {Sukin Sim and Peter D. Johnson and Alán Aspuru-Guzik},
	title = {Expressibility and Entangling Capability of Parameterized Quantum Circuits for Hybrid Quantum-Classical Algorithms},
	journal = {Advanced Quantum Technologies},
    archivePrefix = {arXiv},
  	eprint = {1905.10876v1},
  	primaryClass = {quant-ph}
}

@article{Liang:2019:Fidelity,
    date = {2019-06},
	publisher = {{IOP} Publishing},
	volume = {82},
	number = {7},
	author = {Yeong-Cherng Liang and Yu-Hao Yeh and Paulo E. M. F. Mendonça and Run Yan Teh and Margaret D Reid and Peter D Drummond},
	title = {Quantum fidelity measures for mixed states},
	journal = {Reports on Progress in Physics},
    archivePrefix = {arXiv},
  	eprint = {1810.08034v1},
  	primaryClass = {quant-ph}
}

@article{Josza:1994:Fidelity,
    author = {Richard Jozsa},
    title = {Fidelity for Mixed Quantum States},
    journal = {Journal of Modern Optics},
    volume = {41},
    number = {12},
    date  = {1994},
    publisher = {Taylor & Francis},
    eprint = {https://doi.org/10.1080/09500349414552171}
}

@article{Meyer:2021:FisherInfo,
    date = {2021-09},
	publisher = {Verein zur Forderung des Open Access Publizierens in den Quantenwissenschaften},
	volume = {5},
	author = {Johannes Jakob Meyer},
	title = {Fisher Information in Noisy Intermediate-Scale Quantum Applications},
	journal = {Quantum},
    archivePrefix = {arXiv},
  	eprint = {2103.15191v3},
  	primaryClass = {quant-ph}
}

@article{Haug:2021:QuantumGeometry,
    date = {2021-10},
	publisher = {American Physical Society ({APS})},
	volume = {2},
	number = {4},
	author = {Tobias Haug and Kishor Bharti and M.S. Kim},
	title = {Capacity and Quantum Geometry of Parametrized Quantum Circuits},
	journal = {{PRX} Quantum},
    archivePrefix = {arXiv},
  	eprint = {2102.01659v2},
  	primaryClass = {quant-ph}
}

@article{Liu:2019:QFIM,
	date = {2019-12},
    publisher = {{IOP} Publishing},
	volume = {53},
	number = {2},
	author = {Jing Liu and Haidong Yuan and Xiao-Ming Lu and Xiaoguang Wang},
	title = {Quantum Fisher information matrix and multiparameter estimation},
	journal = {Journal of Physics A: Mathematical and Theoretical},
    archivePrefix = {arXiv},
  	eprint = {1907.08037v3},
  	primaryClass = {quant-ph}
}

@article{Stokes:2020:QuantumDescent,
    date = {2020-05},
	publisher = {Verein zur Forderung des Open Access Publizierens in den Quantenwissenschaften},
	volume = {4},
	author = {James Stokes and Josh Izaac and Nathan Killoran and Giuseppe Carleo},
	title = {Quantum Natural Gradient},
	journal = {Quantum},
    archivePrefix = {arXiv},
  	eprint = {1909.02108v3},
  	primaryClass = {quant-ph}
}

@article{Abbas:2021:Power,
    date = {2021-06},
    publisher = {Springer Science and Business Media {LLC}},
	volume = {1},
	number = {6},
	author = {Amira Abbas and David Sutter and Christa Zoufal and Aurelien Lucchi and Alessio Figalli and Stefan Woerner},
	title = {The power of quantum neural networks},
	journal = {Nature Computational Science},
    archivePrefix = {arXiv},
  	eprint = {2011.00027v1},
  	primaryClass = {quant-ph}
}

@article{Meyer:2002:GlobalEntanglement,
    publisher = {{AIP} Publishing},
	volume = {43},
	number = {9},
	author = {David A. Meyer and Nolan R. Wallach},
	title = {Global entanglement in multiparticle systems},
    date = {2002-09},
	journal = {Journal of Mathematical Physics},
    archivePrefix = {arXiv},
  	eprint = {quant-ph/0108104v1}
}

@article{Sommers:2005:AverageFidelity,
    date = {2004-03},
	publisher = {American Physical Society ({APS})},
	volume = {71},
	number = {3},
	author = {Karol Życzkowski and Hans-Jürgen Sommers},
	title = {Average fidelity between random quantum states},
	journal = {Physical Review A},
    archivePrefix = {arXiv},
  	eprint = {quant-ph/0311117v4}
}

@article{McClean:2018:BarrenPlateaus,
	date = {2018-11},
	publisher = {Springer Science and Business Media {LLC}},
	volume = {9},
	number = {1},
	author = {Jarrod R. McClean and Sergio Boixo and Vadim N. Smelyanskiy and Ryan Babbush and Hartmut Neven},
	title = {Barren plateaus in quantum neural network training landscapes},
	journal = {Nature Communications},
	journal = {Physical Review A},
    archivePrefix = {arXiv},
  	eprint = {1803.11173v1},
  	primaryClass = {quant-ph}
}

@article{Anschuetz:2022:Swamped,
	date = {2022-12},
	publisher = {Springer Science and Business Media {LLC}},
	volume = {13},
	number = {1},
	author = {Eric R. Anschuetz and Bobak T. Kiani},
	title = {Quantum variational algorithms are swamped with traps}, 
	journal = {Nature Communications},
    archivePrefix = {arXiv},
  	eprint = {2205.05786v2},
  	primaryClass = {quant-ph}
}

@article{Anschuetz:2021:Critical,
    title={Critical Points in Quantum Generative Models},
    author={Eric R. Anschuetz},
    year={2021},
    eprint={2109.06957v3},
    archivePrefix={arXiv},
    primaryClass={quant-ph}
}

@article{Larocca:2023:Overparametrization,
	date = {2023-06},
	publisher = {Springer Science and Business Media {LLC}},
	volume = {3},
	number = {6},
	pages = {542--551},
	author = {Mart{\'{\i}}n Larocca and Nathan Ju and Diego Garc{\'{\i}}a-Mart{\'{\i}}n and Patrick J. Coles and Marco Cerezo},
	title = {Theory of overparametrization in quantum neural networks},
	journal = {Nature Computational Science},
    archivePrefix = {arXiv},
  	eprint = {2109.11676v1},
  	primaryClass = {quant-ph}
}

@article{Larocca_2022,
	date = {2022-09},
	publisher = {Verein zur Forderung des Open Access Publizierens in den Quantenwissenschaften},
	volume = {6},
	pages = {824},
	author = {Martin Larocca and Piotr Czarnik and Kunal Sharma and Gopikrishnan Muraleedharan and Patrick J. Coles and M. Cerezo},
	title = {Diagnosing Barren Plateaus with Tools from Quantum Optimal Control},
	journal = {Quantum},
    archivePrefix = {arXiv},
  	eprint = {2105.14377v3},
  	primaryClass = {quant-ph}
}

@article{Ballarin:2023:Entanglement_Entropy,
	date = {2023-05},
	volume = {7},
	publisher = {Verein zur Forderung des Open Access Publizierens in den Quantenwissenschaften},
	author = {Marco Ballarin and Stefano Mangini and Simone Montangero and Chiara Macchiavello and Riccardo Mengoni},
	title = {Entanglement entropy production in Quantum Neural Networks},  
	journal = {Quantum},
    archivePrefix = {arXiv},
  	eprint = {2206.02474v3},
  	primaryClass = {quant-ph}
}

@article{Meyer:2023:ExploitingSymmetry,
	date = {2023-03},
	publisher = {American Physical Society ({APS})},
	volume = {4},
	number = {1},
	author = {Johannes Jakob Meyer and Marian Mularski and Elies Gil-Fuster and Antonio Anna Mele and Francesco Arzani and Alissa Wilms and Jens Eisert},
	title = {Exploiting Symmetry in Variational Quantum Machine Learning},
	journal = {{PRX} Quantum},
    archivePrefix = {arXiv},
  	eprint = {2205.06217v1},
  	primaryClass = {quant-ph}
}

@article{Perez_Salinas:2020:DataRe-Uploading,
	date = {2020-02},
	publisher = {Verein zur Forderung des Open Access Publizierens in den Quantenwissenschaften},
	volume = {4},
	pages = {226},
	author = {Adri{\'{a}}n P{\'{e}}rez-Salinas and Alba Cervera-Lierta and Elies Gil-Fuster and Jos{\'{e}} I. Latorre},
	title = {Data re-uploading for a universal quantum classifier},
	journal = {Quantum},
    archivePrefix = {arXiv},
  	eprint = {2205.06217v1},
  	primaryClass = {quant-ph}
}

@article{Dankert:2009:UnitaryT,
	date = {2009-07},
	publisher = {American Physical Society ({APS})},
	volume = {80},
	number = {1},
	author = {Christoph Dankert and Richard Cleve and Joseph Emerson and Etera Livine},
	title = {Exact and approximate unitary 2-designs and their application to fidelity estimation},
	journal = {Physical Review A},
    archivePrefix = {arXiv},
  	eprint = {quant-ph/0606161v2}
}

@article{Holmes:2022:GradientMagnitudes,
	date = {2022-01},
	publisher = {American Physical Society ({APS})},
	volume = {3},
	number = {1},
	author = {Zoë Holmes and Kunal Sharma and M. Cerezo and Patrick J. Coles},
	title = {Connecting Ansatz Expressibility to Gradient Magnitudes and Barren Plateaus},
	journal = {{PRX} Quantum},
    archivePrefix = {arXiv},
  	eprint = {2101.02138v2},
  	primaryClass = {quant-ph}
}

@article{Arrasmith:2022:QuantumBarrenPlateaus,
	date = {2022-08},
	publisher = {{IOP} Publishing},
	volume = {7},
	number = {4},
	pages = {045015},
	author = {Andrew Arrasmith and Zoë Holmes and M Cerezo and Patrick J Coles},
	title = {Equivalence of quantum barren plateaus to cost concentration and narrow gorges},
	journal = {Quantum Science and Technology},
    archivePrefix = {arXiv},
  	eprint = {2104.05868v2},
  	primaryClass = {quant-ph}
}

@article{Hu:2018:QuantumNeuron,
    author = {Hu, Wei},
    date = {2018-01},
    pages = {99-109},
    title = {Towards a Real Quantum Neuron},
    volume = {10},
    journal = {Natural Science},
    doi = {10.4236/ns.2018.103011}
}

@article{Schuld:2014:QuantumNeuralNetworkQuest,
	date = {2014-08},
	publisher = {Springer Science and Business Media {LLC}},
	volume = {13},
	number = {11},
	pages = {2567--2586},
	author = {Maria Schuld and Ilya Sinayskiy and Francesco Petruccione},
	title = {The quest for a Quantum Neural Network},
	journal = {Quantum Information Processing},
    archivePrefix = {arXiv},
  	eprint = {1408.7005v1},
  	primaryClass = {quant-ph}
}

@article{Torrontegui:2019:UnitaryQuantumPerceptron,
	date = {2019-03},
	publisher = {{IOP} Publishing},
	author = {E. Torrontegui and J. J. Garc{\'{\i}}a-Ripoll},
	title = {Unitary quantum perceptron as efficient universal approximator},
	journal = {{EPL} (Europhysics Letters)},
    archivePrefix = {arXiv},
  	eprint = {1801.00934v2},
  	primaryClass = {quant-ph}
}

@article{Yan:2020:NonLinearQuantumNeuron,
	date = {2020-11},
	publisher = {American Physical Society ({APS})},
	volume = {102},
	number = {5},
	author = {Shilu Yan and Hongsheng Qi and Wei Cui},
	title = {Nonlinear quantum neuron: A fundamental building block for quantum neural networks},
	journal = {Physical Review A},
    archivePrefix = {arXiv},
  	eprint = {2011.03429v1},
  	primaryClass = {quant-ph}
}

@article{Jerbi:2023:BeyondKernelMethods,
	date = {2023-01},
	publisher = {Springer Science and Business Media {LLC}},
	volume = {14},
	number = {1},
	author = {Sofiene Jerbi and Lukas J. Fiderer and Hendrik Poulsen Nautrup and Jonas M. Kübler and Hans J. Briegel and Vedran Dunjko},
	title = {Quantum machine learning beyond kernel methods}, 
	journal = {Nature Communications},
    archivePrefix = {arXiv},
  	eprint = {2110.13162v3},
  	primaryClass = {quant-ph}
}

@article{Einstein:1935:EPR,
    title = {Can Quantum-Mechanical Description of Physical Reality Be Considered Complete?},
    author = {Einstein, A. and Podolsky, B. and Rosen, N.},
    journal = {Phys. Rev.},
    volume = {47},
    issue = {10},
    pages = {777--780},
    numpages = {0},
    year = {1935},
    month = {05},
    publisher = {American Physical Society},
    doi = {10.1103/PhysRev.47.777},
    url = {https://link.aps.org/doi/10.1103/PhysRev.47.777}
}

@article{Bennett:1996:EntanglementPurification,
    title = {Purification of Noisy Entanglement and Faithful Teleportation via Noisy Channels},
    author = {Bennett, Charles H. and Brassard, Gilles and Popescu, Sandu and Schumacher, Benjamin and Smolin, John A. and Wootters, William K.},
    journal = {Phys. Rev. Lett.},
    volume = {76},
    issue = {5},
    pages = {722--725},
    numpages = {0},
    year = {1996},
    month = {01},
    publisher = {American Physical Society},
    doi = {10.1103/PhysRevLett.76.722},
    url = {https://link.aps.org/doi/10.1103/PhysRevLett.76.722}
}

@article{DeutschJosza:1992:RapidQuantumSolution,
    author          = {Deutsch David and Jozsa Richard},
    journal         = {Proceedings of the Royal Society A},
    title           = {Rapid solution of problems by quantum computation},
    volume          = {439},
    year            = {1992},
    publisher       = {Royal Society},
    doi             = {http://doi.org/10.1098/rspa.1992.0167}
}

Deutsch David and  Jozsa Richard  1992Rapid solution of problems by quantum computationProc. R. Soc. Lond. A439553–558
http://doi.org/10.1098/rspa.1992.0167

@article{Savary:2017:QuantumSpinLiquidsReview,
    doi = {10.1088/0034-4885/80/1/016502},
    year = {2016},
    publisher = {IOP Publishing},
    volume = {80},
    number = {1},
    pages = {016502},
    author = {Lucile Savary and Leon Balents},
    title = {Quantum spin liquids: a review},
    journal = {Reports on Progress in Physics},
}

@article{Heinrich:2019:SpinOrbitGapInGraphene,
  author = {Benjamin Heinrich},
  title = {A spin-orbit gap in graphene},
  doi = {https://doi.org/10.1038/s41565-019-0409-y},
  publisher = {Nature Nanotechnology},
  date = {2019}
}

@article{Kitaev:2006:ExactlySolvableAnyons,
    title = {Anyons in an exactly solved model and beyond},
    journal = {Annals of Physics},
    volume = {321},
    number = {1},
    pages = {2-111},
    year = {2006},
    note = {January Special Issue},
    issn = {0003-4916},
    doi = {https://doi.org/10.1016/j.aop.2005.10.005},
    author = {Alexei Kitaev},
}

@article{Jackeli:2009:MottInsulatorsKitaev,
    title = {Mott Insulators in the Strong Spin-Orbit Coupling Limit: From Heisenberg to a Quantum Compass and Kitaev Models},
    author = {Jackeli, G. and Khaliullin, G.},
    journal = {Phys. Rev. Lett.},
    volume = {102},
    issue = {1},
    pages = {017205},
    numpages = {4},
    year = {2009},
    publisher = {American Physical Society},
    doi = {10.1103/PhysRevLett.102.017205},
}

@article{Jizba:MultifractalThermodynamics:2004,
    title={The world according to Rényi: thermodynamics of multifractal systems},
    volume={312},
    DOI={10.1016/j.aop.2004.01.002},
    number={1},
    journal={Annals of Physics},
    publisher={Elsevier BV},
    author={Jizba, Petr and Arimitsu, Toshihico},
    year={2004},
    pages={17-59}
}

@article{Shaffer:IrreversibilityAndEntanglement:2014,
    title={Irreversibility and entanglement spectrum statistics in quantum circuits},
    volume={2014},
    DOI={10.1088/1742-5468/2014/12/p12007},
    number={12},
    journal={Journal of Statistical Mechanics: Theory and Experiment},
    publisher={IOP Publishing},
    author={Shaffer, Daniel and Chamon, Claudio and Hamma, Alioscia and Mucciolo, Eduardo R},
    year={2014},
}

@article{Chamon:EmergentIrreversibility:2014,
    title={Emergent Irreversibility and Entanglement Spectrum Statistics},
    volume={112},
    DOI={10.1103/physrevlett.112.240501},
    number={24},
    journal={Physical Review Letters},
    publisher={American Physical Society (APS)},
    author={Chamon, Claudio and Hamma, Alioscia and Mucciolo, Eduardo R.},
    year={2014},
}

@article{Odavic:RandomUnitaries:2023,
    doi = {10.22331/q-2023-09-15-1115},
    title = {Random unitaries, Robustness, and Complexity of Entanglement},
    author = {Odavi{\'{c}}, J. and Torre, G. and Miji{\'{c}}, N. and Davidovi{\'{c}}, D. and Franchini, F. and Giampaolo, S. M.},
    journal = {{Quantum}},
    issn = {2521-327X},
    publisher = {{Verein zur F{\"{o}}rderung des Open Access Publizierens in den Quantenwissenschaften}},
    volume = {7},
    pages = {1115},
    year = {2023}
}

@misc{Aharonov:2002:QuantumNP,
    title={Quantum NP - A Survey}, 
    author={Dorit Aharonov and Tomer Naveh},
    year={2002},
    eprint={quant-ph/0210077},
    archivePrefix={arXiv},
    primaryClass={quant-ph}
}

@misc{Skolik:2023:EquivariantQuantumCircuits,
    title={Equivariant quantum circuits for learning on weighted graphs}, 
    author={Andrea Skolik and Michele Cattelan and Sheir Yarkoni and Thomas Bäck and Vedran Dunjko},
    date={2023},
    eprint={2205.06109v2},
    archivePrefix={arXiv},
    primaryClass={quant-ph}
}

@misc{MartinezGaraot:2015:Quasiadiabatic,
	date = {2015-10},
	publisher = {American Physical Society ({APS})},
	author = {S. Mart{\'{\i}}nez-Garaot and A. Ruschhaupt and J. Gillet and Th. Busch and J. G. Muga},
	title = {Fast quasiadiabatic dynamics},
	journal = {Physical Review A},
    archivePrefix = {arXiv},
  	eprint = {1411.5783v2},
  	primaryClass = {quant-ph}
}

@misc{Cao:2017:QuantumNeuron,
    title={Quantum Neuron: an elementary building block for machine learning on quantum computers}, 
    author={Yudong Cao and Gian Giacomo Guerreschi and Alán Aspuru-Guzik},
    date={2017},
    eprint={1711.11240},
    archivePrefix={arXiv},
    primaryClass={quant-ph}
}

@misc{Maronese:2022:QuantumActivationFunctions,
    title={Quantum activation functions for quantum neural networks}, 
    author={Marco Maronese and Claudio Destri and Enrico Prati},
    date={2022},
    eprint={2201.03700},
    archivePrefix={arXiv},
    primaryClass={quant-ph}
}

@misc{Berezniuk:2020:EffectiveDimension,
    title={A scale-dependent notion of effective dimension}, 
    author={Oksana Berezniuk and Alessio Figalli and Raffaele Ghigliazza and Kharen Musaelian},
    date={2020},
    eprint={2001.10872v1},
    archivePrefix={arXiv},
    primaryClass={stat.ML}
}

@misc{Liang:2019:FisherRaoMetric,
    title={Fisher-Rao Metric, Geometry, and Complexity of Neural Networks}, 
    author={Tengyuan Liang and Tomaso Poggio and Alexander Rakhlin and James Stokes},
    date={2019},
    eprint={1711.01530v2},
    archivePrefix={arXiv},
    primaryClass={cs.LG}
}

@book{NielsenChuang:2010:QuantumcompQuantuminfo,
  	author = {Michael A. Nielsen, Issac L. Chuang},
  	title = {Quantum Computation and Quantum Information},
  	publisher = {Cambridge University Press},
  	date = {2010}
}

@book{Wilde:2019:QuantumShannon,
    author = {Mark M. Wilde},
    date = {2019-07},
    title = {From Classical to Quantum Shannon Theory},
    archivePrefix = {arXiv},
  	eprint = {1106.1445v8},
  	primaryClass = {quant-ph}
}

@book{Kitaev:2002:ClassicalQuantumComputation,
  	author = {A. Yu. Kitaev, A. H. Shen, M. N. Vyalyi},
  	title = {Classical and Quantum Computation},
    isbn = {978-1-4704-1800-7},
  	publisher = {American Mathematical Society},
  	date = {2002}
}

@book{Armstrong:1997:Groups,
    title={Groups and Symmetry},
    author={Armstrong, M.A.},
    isbn={9780387966755},
    lccn={lc87037677},
    series={Undergraduate Texts in Mathematics},
    year={1997},
    publisher={Springer New York}
}

@book{Conway:1985:AtlasOfFiniteGroups,
    author = {J.H. Conway and R.T. Curtis and R.A. Wilson and S.P. Norton and R.A. Parker},
    title = {Atlas of Finite Groups},
    isbn = {9780198531999},
    publisher = {Oxford University Press},
    year = {1985},
}

@book{Hall:2015:Groups,
    author={Hall, Brian},
    title={Lie Groups, Lie Algebras, and Representations},
    isbn={978-3-319-13466-6},
    series={Undergraduate Texts in Mathematics},
    year={2015},
    publisher={Springer Cham},
}
